

@MISC{WEBSITE:1,
    HOWPUBLISHED = "\url{https://www.zdnet.com/article/its-an-open-source-world-78-percent-of-companies-run-open-source-software/}",
    AUTHOR = "Steven J. Vaughan-Nichols",
    MONTH = "Apr",
    DAY = "16",
    YEAR = "2015",
    PUBLISHER = "ZDNet",
    TITLE = "It's an Open-Source World: â€‹78 Percent of Companies Run Open-Source Software."
}